<record><leader>00000cas a22000007a 4500</leader><controlfield tag="001">17627383</controlfield><controlfield tag="008">880314d19881990ctuwr ne      0   a0eng d</controlfield><datafield ind1=" " ind2=" " tag="010"><subfield code="a">sn 88009033 </subfield></datafield><datafield ind1=" " ind2=" " tag="040"><subfield code="a">NSD</subfield><subfield code="b">eng</subfield><subfield code="c">NSD</subfield><subfield code="d">CNW</subfield><subfield code="d">OCLCQ</subfield><subfield code="d">OCLCF</subfield><subfield code="d">OCLCO</subfield></datafield><datafield ind1=" " ind2=" " tag="012"><subfield code="m">1</subfield></datafield><datafield ind1="1" ind2=" " tag="022"><subfield code="a">0897-7933</subfield><subfield code="l">0897-7933</subfield><subfield code="2">1</subfield></datafield><datafield ind1="1" ind2=" " tag="029"><subfield code="a">AU@</subfield><subfield code="b">000025785265</subfield></datafield><datafield ind1=" " ind2=" " tag="032"><subfield code="a">659570</subfield><subfield code="b">USPS</subfield></datafield><datafield ind1=" " ind2=" " tag="037"><subfield code="b">Tucker Communications Connecticut, Inc., 85 Old Long Ridge Road, Stamford, CT 06903</subfield></datafield><datafield ind1=" " ind2=" " tag="042"><subfield code="a">nsdp</subfield><subfield code="a">msc</subfield></datafield><datafield ind1=" " ind2=" " tag="043"><subfield code="a">n-us-ct</subfield></datafield><datafield ind1=" " ind2="4" tag="222"><subfield code="a">The Stamford trader</subfield></datafield><datafield ind1="0" ind2="4" tag="245"><subfield code="a">The Stamford trader.</subfield></datafield><datafield ind1=" " ind2=" " tag="260"><subfield code="a">[Stamford, CT] :</subfield><subfield code="b">Tucker Communications Connecticut</subfield></datafield><datafield ind1=" " ind2=" " tag="300"><subfield code="a">v.</subfield></datafield><datafield ind1=" " ind2=" " tag="310"><subfield code="a">Weekly</subfield></datafield><datafield ind1="0" ind2=" " tag="362"><subfield code="a">Vol. I-1 (Feb. 18, 1988)-v. LIV-113 (Mar. 29, 1990).</subfield></datafield><datafield ind1=" " ind2=" " tag="515"><subfield code="a">Issues for Feb. 25, 1988-1990 also called: Vol. 53-73.</subfield></datafield><datafield ind1=" " ind2=" " tag="515"><subfield code="a">Contains numbering inconsistencies.</subfield></datafield><datafield ind1=" " ind2=" " tag="530"><subfield code="a">Available on microfilm from UMI.</subfield></datafield><datafield ind1=" " ind2="0" tag="651"><subfield code="a">Stamford (Conn.)</subfield><subfield code="v">Newspapers.</subfield></datafield><datafield ind1=" " ind2="7" tag="655"><subfield code="a">Newspapers.</subfield><subfield code="2">fast</subfield><subfield code="0">(OCoLC)fst01423814</subfield></datafield><datafield ind1=" " ind2="7" tag="651"><subfield code="a">Connecticut</subfield><subfield code="z">Stamford.</subfield><subfield code="2">fast</subfield><subfield code="0">(OCoLC)fst01205479</subfield></datafield><datafield ind1=" " ind2=" " tag="752"><subfield code="a">United States</subfield><subfield code="b">Connecticut</subfield><subfield code="c">Fairfield</subfield><subfield code="d">Stamford.</subfield></datafield><datafield ind1="0" ind2="0" tag="780"><subfield code="t">Stamford mail</subfield><subfield code="w">(DLC)sn 92051522</subfield><subfield code="w">(OCoLC)26892222</subfield></datafield><datafield ind1="0" ind2="0" tag="785"><subfield code="t">Stamford shopper (Stamford, Conn. : 1990)</subfield></datafield></record>